@book{Hastie2009,
  title = {The Elements of Statistical Learning: Data Mining, Inference, and Prediction},
  author = {Hastie, Trevor and Tibshirani, Robert and Friedman, Jerome},
  year = {2009},
  publisher = {Springer},
  address = {New York, NY},
  edition = {2},
  isbn = {9780387848587},
  doi = {10.1007/978-0-387-84858-7},
  url = {https://doi.org/10.1007/978-0-387-84858-7},
  series = {Springer Series in Statistics}
}

@ARTICLE{4038449,
  author={Cover, Thomas M.},
  journal={IEEE Transactions on Electronic Computers}, 
  title={Geometrical and Statistical Properties of Systems of Linear Inequalities with Applications in Pattern Recognition}, 
  year={1965},
  volume={EC-14},
  number={3},
  pages={326-334},
  keywords={Pattern recognition;Vectors;Application software;Boolean functions;Geometry;History},
  doi={10.1109/PGEC.1965.264137}}

@techreport{Platt1998,
  author      = {Platt, John C.},
  title       = {Sequential Minimal Optimization: A Fast Algorithm for Training Support Vector Machines},
  institution = {Microsoft Research},
  year        = {1998},
  number      = {MSR-TR-98-14},
  url         = {https://www.microsoft.com/en-us/research/publication/sequential-minimal-optimization-a-fast-algorithm-for-training-support-vector-machines/}
}

@inproceedings{Scholkopf2001,
  author    = {Schölkopf, Bernhard and Herbrich, Ralf and Smola, Alex J.},
  title     = {A Generalized Representer Theorem},
  booktitle = {Computational Learning Theory},
  year      = {2001},
  series    = {Lecture Notes in Computer Science},
  volume    = {2111},
  pages     = {416--426},
  publisher = {Springer}
}

@inproceedings{Rudi2015,
  author    = {Rudi, Alessandro and Camoriano, Raffaello and Rosasco, Lorenzo},
  title     = {Less is more: Nyström computational regularization},
  booktitle = {Advances in Neural Information Processing Systems 28},
  year      = {2015},
  pages     = {1656--1664}
}

@misc{rudi2018falkonoptimallargescale,
      title={FALKON: An Optimal Large Scale Kernel Method}, 
      author={Alessandro Rudi and Luigi Carratino and Lorenzo Rosasco},
      year={2018},
      eprint={1705.10958},
      archivePrefix={arXiv},
      primaryClass={stat.ML},
      url={https://arxiv.org/abs/1705.10958}, 
}

@misc{meanti2020kernelmethodsroofhandling,
      title={Kernel methods through the roof: handling billions of points efficiently}, 
      author={Giacomo Meanti and Luigi Carratino and Lorenzo Rosasco and Alessandro Rudi},
      year={2020},
      eprint={2006.10350},
      archivePrefix={arXiv},
      primaryClass={cs.LG},
      url={https://arxiv.org/abs/2006.10350}, 
}

@article{Chen2016,
  title = {{XGBoost}: A Scalable Tree Boosting System},
  author = {Chen, Tianqi and Guestrin, Carlos},
  year = {2016},
  journal = {Proceedings of the 22nd ACM SIGKDD International Conference on Knowledge Discovery and Data Mining},
  pages = {785--794},
  publisher = {Association for Computing Machinery},
  address = {New York, NY, USA},
  isbn = {9781450342322},
  doi = {10.1145/2939672.2939785},
  url = {https://doi.org/10.1145/2939672.2939785}
}

@article{Mitchell2017,
  title = {Accelerating the {XGBoost} Algorithm Using {GPU} Computing},
  author = {Mitchell, Rory and Frank, Eibe},
  year = {2017},
  journal = {PeerJ Computer Science},
  volume = {3},
  pages = {e127},
  publisher = {PeerJ Inc.},
  address = {San Diego, CA, USA},
  issn = {2376-5992},
  doi = {10.7717/peerj-cs.127},
  url = {https://doi.org/10.7717/peerj-cs.127}
}

@book{Breiman1984,
  title={Classification and Regression Trees},
  author={Breiman, Leo and Friedman, Jerome H. and Olshen, Richard A. and Stone, Charles J.},
  year={1984},
  publisher={Wadsworth \& Brooks/Cole Advanced Books \& Software}
}

@article{Friedman2001,
  title={Greedy Function Approximation: A Gradient Boosting Machine},
  author={Friedman, Jerome H.},
  journal={Annals of Statistics},
  volume={29},
  number={5},
  pages={1189--1232},
  year={2001},
  publisher={Institute of Mathematical Statistics}
}

@article{Breiman2001,
  title={Random Forests},
  author={Breiman, Leo},
  journal={Machine Learning},
  volume={45},
  number={1},
  pages={5--32},
  year={2001},
  publisher={Kluwer Academic Publishers}
}

@article{Freund1997,
  author = {Freund, Yoav and Schapire, Robert E.},
  title = {A Decision-Theoretic Generalization of On-Line Learning and an Application to Boosting},
  journal = {Journal of Computer and System Sciences},
  volume = {55},
  number = {1},
  pages = {119--139},
  year = {1997}
}

@article{zhang2015,
  title={Demystifying GPU microarchitecture through microbenchmarking},
  author={Zhang, Xinxin S and Roy, Mitesh K and Stefanidis, Kosta and Jaleel, Aamer and Dong, Shuming and Owens, John D},
  journal={arXiv preprint arXiv:1509.02308},
  year={2015}
}

@misc{newyork2019,
    title = {{New York City Taxi Trip Data, 2009-2018}},
    author = {{New York (N.Y.). Taxi and Limousine Commission}},
    publisher = {Inter-university Consortium for Political and Social Research},
    year = {2019},
    doi = {10.3886/ICPSR37254.v1},
    url = {https://doi.org/10.3886/ICPSR37254.v1}
}

@misc{Dua:2019,
    author = "Dua, Dheeru and Graff, Casey",
    year = "2017",
    title = "{UCI} Machine Learning Repository",
    url = "http://archive.ics.uci.edu/ml",
    institution = "University of California, Irvine, School of Information and Computer Sciences"
}

@article{baldi2014searching,
    title={Searching for exotic particles in high-energy physics with deep learning},
    author={Baldi, Pierre and Sadowski, Peter and Whiteson, Daniel},
    journal={Nature communications},
    volume={5},
    number={1},
    pages={4308},
    year={2014},
    publisher={Nature Publishing Group UK London}
}

@techreport{Bampouris2018Development,
  author  = {Bampouris, Andreas S.},
  title   = {Development of a software library for machine learning applications on parallel computers},
  school  = {University of Patras},
  year    = {2018},
  address = {Patras, Greece},
  note    = {Diploma Thesis}
}
